@book{Craig2005,
  title        = {Introduction to Robotics: Mechanics and Control},
  author       = {Craig, John J.},
  year         = {2005},
  publisher    = {Pearson Education}
}

@book{Siciliano2009,
  title        = {Robotics: Modelling, Planning and Control},
  author       = {Siciliano, Bruno and Sciavicco, Lorenzo and Villani, Luigi and Oriolo, Giuseppe},
  year         = {2009},
  publisher    = {Springer}
}

@book{Spong2006,
  title        = {Robot Modeling and Control},
  author       = {Spong, Mark W. and Hutchinson, Seth and Vidyasagar, M.},
  year         = {2006},
  publisher    = {Wiley}
}

@book{Lynch2017,
  title        = {Modern Robotics: Mechanics, Planning, and Control},
  author       = {Lynch, Kevin M. and Park, Frank C.},
  year         = {2017},
  publisher    = {Cambridge University Press}
}

@article{Yim2007,
  title        = {Modular Self-Reconfigurable Robot Systems},
  author       = {Yim, Mark and Shen, Wei-Ming and Salemi, B. and Rus, Daniela and Moll, Mark and Lipson, Hod and Klavins, Eric},
  journal      = {IEEE Robotics \& Automation Magazine},
  volume       = {14},
  number       = {1},
  pages        = {43--52},
  year         = {2007},
  publisher    = {IEEE}
}

@article{Roscher2011,
  author    = {Michael A. Roscher and Jochen Assfalg and Oliver S. Bohlen},
  title     = {Detection of Utilizable Capacity Deterioration in Battery Systems},
  journal   = {IEEE Transactions on Vehicular Technology},
  volume    = {60},
  number    = {1},
  year      = {2011},
  doi       = {10.1109/TVT.2010.2090370},
  note      = {Accessed from IEEE Xplore}
}

@article{Rauf2022,
  author    = {H. Rauf and others},
  title     = {Machine learning in state of health and remaining useful life estimation: Theoretical and technological development in battery degradation modelling},
  journal   = {Renewable and Sustainable Energy Reviews},
  volume    = {156},
  pages     = {111903},
  year      = {2022},
  doi       = {10.1016/j.rser.2021.111903}
}

@article{Rahman2024,
  author    = {Tuhibur Rahman and Talal Alharbi},
  title     = {Exploring Lithium-Ion Battery Degradation: A Concise Review of Critical Factors, Impacts, Data-Driven Degradation Estimation Techniques, and Sustainable Directions for Energy Storage Systems},
  journal   = {Batteries},
  volume    = {10},
  pages     = {220},
  year      = {2024},
  doi       = {10.3390/batteries10070220}
}

@article{parnas1972,
  author    = {Parnas, David L.},
  title     = {On the Criteria to Be Used in Decomposing Systems into Modules},
  journal   = {Communications of the ACM},
  year      = {1972},
  volume    = {15},
  number    = {12},
  pages     = {1053--1058},
  doi       = {10.1145/361598.361623},
  url       = {https://dl.acm.org/doi/10.1145/361598.361623}
}

@article{meyer1992,
  author    = {Meyer, Bertrand},
  title     = {Applying "Design by Contract"},
  journal   = {Computer},
  year      = {1992},
  volume    = {25},
  number    = {10},
  pages     = {40--51},
  doi       = {10.1109/2.161279},
  url       = {https://doi.org/10.1109/2.161279}
}

@incollection{baldwin2009platforms,
  author    = {Baldwin, Carliss Y. and Woodard, C. Jason},
  title     = {The Architecture of Platforms: A Unified View},
  booktitle = {Platforms, Markets and Innovation},
  editor    = {Gawer, Annabelle},
  publisher = {Edward Elgar},
  year      = {2009},
  pages     = {19--44},
  doi       = {10.4337/9781849803311.00008},
  url       = {https://ink.library.smu.edu.sg/sis_research/2452/}
}

@techreport{cockburn2005hexagonal,
  author      = {Cockburn, Alistair},
  title       = {The Hexagonal (Ports \& Adapters) Architecture},
  institution = {Humans and Technology (HaT) Technical Report 2005.02},
  year        = {2005},
  url         = {https://alistair.cockburn.us/hexagonal-architecture}
}

@book{gawer2002platformleadership,
  author    = {Gawer, Annabelle and Cusumano, Michael A.},
  title     = {Platform Leadership: How Intel, Microsoft, and Cisco Drive Industry Innovation},
  publisher = {Harvard Business School Press},
  year      = {2002},
  isbn      = {9781578515141},
  url       = {https://dl.acm.org/doi/10.5555/560754}
}

@book{tiwana2014platformecosystems,
  author    = {Tiwana, Amrit},
  title     = {Platform Ecosystems: Aligning Architecture, Governance, and Strategy},
  publisher = {Morgan Kaufmann},
  year      = {2014},
  isbn      = {9780124080669},
  url       = {https://www.sciencedirect.com/book/9780124080669/platform-ecosystems}
}